
@online{noauthor_citations_nodate,
	title = {citations - Can I include just a folder from Zotero into Overleaf instead of my entire library?},
	url = {https://academia.stackexchange.com/questions/144088/can-i-include-just-a-folder-from-zotero-into-overleaf-instead-of-my-entire-libra},
	titleaddon = {Academia Stack Exchange},
	urldate = {2020-12-29},
}